<record><leader>00000cas a2200000 a 4500</leader><controlfield tag="001">25825380</controlfield><controlfield tag="008">920515d190u1909iluwr ne      0   a0eng c</controlfield><datafield ind1=" " ind2=" " tag="010"><subfield code="a">sn 92053860 </subfield></datafield><datafield ind1=" " ind2=" " tag="040"><subfield code="a">NVF</subfield><subfield code="b">eng</subfield><subfield code="c">NVF</subfield><subfield code="d">OCLCQ</subfield><subfield code="d">NVF</subfield><subfield code="d">OCLCF</subfield><subfield code="d">OCLCO</subfield><subfield code="d">NVF</subfield></datafield><datafield ind1=" " ind2=" " tag="042"><subfield code="a">pcc</subfield></datafield><datafield ind1=" " ind2=" " tag="043"><subfield code="a">n-us-il</subfield></datafield><datafield ind1="0" ind2="4" tag="245"><subfield code="a">The Sparta Argonaut.</subfield></datafield><datafield ind1="1" ind2=" " tag="246"><subfield code="i">Publisher's box:</subfield><subfield code="a">Argonaut</subfield></datafield><datafield ind1=" " ind2=" " tag="260"><subfield code="a">Sparta, Ill. :</subfield><subfield code="b">Carrie V. MacKenzie</subfield></datafield><datafield ind1="3" ind2=" " tag="260"><subfield code="3">July 8-22, 1909</subfield><subfield code="a">Sparta, Ill. :</subfield><subfield code="b">The Argonauts</subfield></datafield><datafield ind1=" " ind2=" " tag="300"><subfield code="a">volumes</subfield></datafield><datafield ind1=" " ind2=" " tag="310"><subfield code="a">Weekly</subfield></datafield><datafield ind1="0" ind2=" " tag="362"><subfield code="a">-v. 12, no. 29 (July 22, 1909).</subfield></datafield><datafield ind1=" " ind2=" " tag="500"><subfield code="a">"Published in Primrose Path by The Argonauts," July 8, 1909.</subfield></datafield><datafield ind1=" " ind2=" " tag="588"><subfield code="a">Description based on: Vol. 12, no. 5 (Feb. 4, 1909).</subfield></datafield><datafield ind1=" " ind2="0" tag="651"><subfield code="a">Sparta (Ill.)</subfield><subfield code="v">Newspapers.</subfield></datafield><datafield ind1=" " ind2="7" tag="651"><subfield code="a">Illinois</subfield><subfield code="z">Sparta.</subfield><subfield code="2">fast</subfield><subfield code="0">(OCoLC)fst01219151</subfield></datafield><datafield ind1=" " ind2="7" tag="655"><subfield code="a">Newspapers.</subfield><subfield code="2">fast</subfield><subfield code="0">(OCoLC)fst01423814</subfield></datafield><datafield ind1=" " ind2=" " tag="752"><subfield code="a">United States</subfield><subfield code="b">Illinois</subfield><subfield code="c">Randolph County</subfield><subfield code="d">Sparta.</subfield></datafield><datafield ind1="0" ind2="0" tag="780"><subfield code="t">Argonaut (Sparta, Ill.)</subfield><subfield code="w">(DLC)sn 92053859</subfield><subfield code="w">(OCoLC)25824571</subfield></datafield><datafield ind1="0" ind2="0" tag="785"><subfield code="t">Sparta news (Sparta, Ill.)</subfield><subfield code="w">(DLC)sn 92053861</subfield><subfield code="w">(OCoLC)25825737</subfield></datafield><datafield ind1="1" ind2=" " tag="029"><subfield code="a">AU@</subfield><subfield code="b">000020745287</subfield></datafield></record>